<?xml version="1.0" encoding="utf-8"?>
<record xmlns="http://www.loc.gov/MARC21/slim" xmlns:xsi="http://www.w3.org/2001/XMLSchema-instance" xsi:schemaLocation="http://www.loc.gov/MARC21/slim http://www.loc.gov/standards/marcxml/schema/MARC21slim.xsd">
	<leader>     nam a22     Mi 4500</leader>
	<controlfield tag="001">b12565131</controlfield>
	<controlfield tag="003">LeBAU</controlfield>
	<controlfield tag="006">m        d        </controlfield>
	<controlfield tag="007">cr cn |||m|||a</controlfield>
	<controlfield tag="008">190920s1937    ua      o     ||0 0aara d</controlfield>
	<datafield ind1=" " ind2=" " tag="040">
		<subfield code="a">ZYU</subfield>
		<subfield code="b">ara</subfield>
		<subfield code="e">rda</subfield>
		<subfield code="c">ZYU</subfield>
	</datafield>
	<datafield ind1="0" ind2="4" tag="082">
		<subfield code="a">892.73</subfield>
		<subfield code="2">23</subfield>
	</datafield>
	<datafield ind1="1" ind2=" " tag="100">
		<subfield code="6">880-01</subfield>
		<subfield code="a">Ḥakīm, Tawfīq,</subfield>
		<subfield code="e">author.</subfield>
	</datafield>
	<datafield ind1="1" ind2="0" tag="245">
		<subfield code="6">880-02</subfield>
		<subfield code="a">Yawmīyāt nāʼib fī al-aryāf /</subfield>
		<subfield code="c">Tawfīq al-Ḥakīm.</subfield>
	</datafield>
	<datafield ind1=" " ind2=" " tag="250">
		<subfield code="6">880-03</subfield>
		<subfield code="a">al-Ṭabʻah al-thānīyah.</subfield>
	</datafield>
	<datafield ind1=" " ind2="1" tag="264">
		<subfield code="6">880-04</subfield>
		<subfield code="a">al-Qāhirah :</subfield>
		<subfield code="b">Maṭbaʻat Lajnat al-Taʼlīf wa-al-Tarjamah wa-al-Nashr,</subfield>
		<subfield code="c">1937.</subfield>
	</datafield>
	<datafield ind1=" " ind2=" " tag="300">
		<subfield code="6">880-05</subfield>
		<subfield code="a">online resource (234 pages)</subfield>
	</datafield>
	<datafield ind1=" " ind2=" " tag="336">
		<subfield code="a">text</subfield>
		<subfield code="2">rdacontent</subfield>
	</datafield>
	<datafield ind1=" " ind2=" " tag="337">
		<subfield code="a">computer</subfield>
		<subfield code="2">rdamedia</subfield>
	</datafield>
	<datafield ind1=" " ind2=" " tag="338">
		<subfield code="a">online resource</subfield>
		<subfield code="2">rdacarrier</subfield>
	</datafield>
	<datafield ind1=" " ind2=" " tag="500">
		<subfield code="a">Part of the Arabic Collections Online (ACO) project, contributed by American University of Beirut's Jafet Memorial Library.</subfield>
	</datafield>
	<datafield ind1=" " ind2=" " tag="533">
		<subfield code="a">Electronic reproduction.</subfield>
		<subfield code="b">New York, N.Y. :</subfield>
		<subfield code="c">New York University,</subfield>
		<subfield code="d">2019.</subfield>
		<subfield code="5">NNU</subfield>
	</datafield>
	<datafield ind1=" " ind2=" " tag="590">
		<subfield code="a">صفحة العنوان والصفحات من 5-16 مصورة؛ والصفحات من 1-4 مفتقدة.</subfield>
	</datafield>
	<datafield ind1="1" ind2="4" tag="600">
		<subfield code="a">الحكيم، توفيق،</subfield>
		<subfield code="d">1898-1987</subfield>
	</datafield>
	<datafield ind1="1" ind2="0" tag="600">
		<subfield code="a">Ḥakīm, Tawfīq.</subfield>
	</datafield>
	<datafield ind1=" " ind2="4" tag="650">
		<subfield code="a">ذاكرة من الترجمة الذاتية.</subfield>
	</datafield>
	<datafield ind1=" " ind2="0" tag="650">
		<subfield code="a">Autobiographical memory.</subfield>
	</datafield>
	<datafield ind1="2" ind2=" " tag="710">
		<subfield code="a">Jafet Memorial Library.</subfield>
	</datafield>
	<datafield ind1="0" ind2=" " tag="730">
		<subfield code="a">Arabic Collections Online.</subfield>
	</datafield>
	<datafield ind1="0" ind2="8" tag="767">
		<subfield code="6">880-10</subfield>
		<subfield code="i">is translated as</subfield>
		<subfield code="4">http://rdaregistry.info/Elements/e/P20171 :</subfield>
		<subfield code="a">Ḥakīm, Tawfīq.</subfield>
		<subfield code="t">The maze of justice : diary of a country prosecutor : an Egyptian novel.</subfield>
		<subfield code="d">London : Saqi Books, 1989</subfield>
		<subfield code="w">(OCoLC)317655822</subfield>
		<subfield code="w">(OCoLC)317655822</subfield>
	</datafield>
	<datafield ind1="0" ind2="8" tag="775">
		<subfield code="6">880-06</subfield>
		<subfield code="i">has designation of edition</subfield>
		<subfield code="4">http://rdaregistry.info/Elements/m/P30133 :</subfield>
		<subfield code="a">Ḥakīm, Tawfīq.</subfield>
		<subfield code="t">Yawmīyāt nāʼib fī al-aryāf.</subfield>
		<subfield code="b">al-Ṭabʻah al-thālithah:</subfield>
		<subfield code="d">[Miṣr] : Maktabat al-Ādāb, 1949</subfield>
		<subfield code="w">(OCoLC)784408090</subfield>
		<subfield code="w">(OCoLC)784408090</subfield>
	</datafield>
	<datafield ind1="0" ind2="8" tag="775">
		<subfield code="6">880-07</subfield>
		<subfield code="i">has designation of edition</subfield>
		<subfield code="4">http://rdaregistry.info/Elements/m/P30133 :</subfield>
		<subfield code="a">Ḥakīm, Tawfīq.</subfield>
		<subfield code="t">Yawmīyāt nāʼib fī al-aryāf</subfield>
		<subfield code="d">a[al-Qāhirah] : Maktabat al-Ādāb wa-Maṭbaʻatuhā, [between 1900 and 1999?]</subfield>
		<subfield code="w">(OCoLC)784419445</subfield>
		<subfield code="w">(OCoLC)784419445</subfield>
	</datafield>
	<datafield ind1="0" ind2="8" tag="775">
		<subfield code="6">880-08</subfield>
		<subfield code="i">has designation of edition</subfield>
		<subfield code="4">http://rdaregistry.info/Elements/m/P30133 :</subfield>
		<subfield code="a">Ḥakīm, Tawfīq.</subfield>
		<subfield code="t">Yawmīyāt nāʼib fī al-aryāf</subfield>
		<subfield code="d">Bayrūt, Lubnān : Dār al-Kitāb al-Lubnānī, 1983</subfield>
		<subfield code="w">(LEAUB)b18364512</subfield>
	</datafield>
	<datafield ind1="0" ind2="8" tag="775">
		<subfield code="6">880-09</subfield>
		<subfield code="i">has designation of edition</subfield>
		<subfield code="4">http://rdaregistry.info/Elements/m/P30133 :</subfield>
		<subfield code="a">Ḥakīm, Tawfīq.</subfield>
		<subfield code="t">Yawmīyāt nāʼib fī al-aryāf</subfield>
		<subfield code="d">[Miṣr] : Maktabat al-Ādāb, [between 1970 and 1990?]</subfield>
		<subfield code="w">(LEAUB)b19229690</subfield>
	</datafield>
	<datafield ind1="0" ind2="8" tag="776">
		<subfield code="i">Print version:</subfield>
		<subfield code="a">Ḥakīm, Tawfīq, author.</subfield>
		<subfield code="t">Yawmīyāt nāʼib fī al-aryāf</subfield>
		<subfield code="w">(LeBAU)b12565131</subfield>
	</datafield>
	<datafield ind1="4" ind2="0" tag="856">
		<subfield code="u">http://hdl.handle.net/2333.1/kwh711p3</subfield>
	</datafield>
	<datafield ind1="1" ind2=" " tag="880">
		<subfield code="6">100-01</subfield>
		<subfield code="a">الحكيم، توفيق،</subfield>
		<subfield code="e">مؤلف.</subfield>
		<subfield code="4">aut.</subfield>
	</datafield>
	<datafield ind1="1" ind2="0" tag="880">
		<subfield code="6">245-02</subfield>
		<subfield code="a">يوميات نائب في الأرياف /</subfield>
		<subfield code="c">توفيق الحكيم.</subfield>
	</datafield>
	<datafield ind1=" " ind2=" " tag="880">
		<subfield code="6">250-03</subfield>
		<subfield code="a">الطبعة الثانية.</subfield>
	</datafield>
	<datafield ind1=" " ind2="1" tag="880">
		<subfield code="6">264-04</subfield>
		<subfield code="a">القاهرة :</subfield>
		<subfield code="b">مطبعة لجنة التأليف والترجمة والنشر،</subfield>
		<subfield code="c">1937.</subfield>
	</datafield>
	<datafield ind1=" " ind2=" " tag="880">
		<subfield code="6">300-05</subfield>
		<subfield code="a">234 صفحة ؛</subfield>
		<subfield code="c">23 سم</subfield>
	</datafield>
	<datafield ind1="0" ind2="8" tag="880">
		<subfield code="6">775-06</subfield>
		<subfield code="i">دلالة على الطبعة</subfield>
		<subfield code="4">http://rdaregistry.info/Elements/m/P30133 :</subfield>
		<subfield code="a">الحكيم، توفيق.</subfield>
		<subfield code="t">يوميات نائب في الأرياف.</subfield>
		<subfield code="b">الطبعة الثالثة.</subfield>
		<subfield code="d">[مصر] : مكتبة الآداب، 1949</subfield>
		<subfield code="w">(LEAUB)b1256512x</subfield>
		<subfield code="w">(OCoLC)784408090</subfield>
	</datafield>
	<datafield ind1="0" ind2="8" tag="880">
		<subfield code="6">775-07</subfield>
		<subfield code="i">دلالة على الطبعة</subfield>
		<subfield code="4">http://rdaregistry.info/Elements/m/P30133 :</subfield>
		<subfield code="a">الحكيم، توفيق.</subfield>
		<subfield code="t">يوميات نائب في الأرياف</subfield>
		<subfield code="d">[القاهرة] : مكتبة الآداب ومطبعتها، [ما بين 1900 و 1999]</subfield>
		<subfield code="w">(LEAUB)b1259037x</subfield>
		<subfield code="w">(OCoLC)784419445</subfield>
	</datafield>
	<datafield ind1="0" ind2="8" tag="880">
		<subfield code="6">775-08</subfield>
		<subfield code="i">دلالة على الطبعة</subfield>
		<subfield code="4">http://rdaregistry.info/Elements/m/P30133 :</subfield>
		<subfield code="a">الحكيم، توفيق.</subfield>
		<subfield code="t">يوميات نائب في الأرياف</subfield>
		<subfield code="d">بيروت، لبنان : دار الكتاب اللبناني، 1983</subfield>
		<subfield code="w">(LEAUB)b18364512</subfield>
	</datafield>
	<datafield ind1="0" ind2="8" tag="880">
		<subfield code="6">775-09</subfield>
		<subfield code="i">دلالة على الطبعة</subfield>
		<subfield code="4">http://rdaregistry.info/Elements/m/P30133 :</subfield>
		<subfield code="a">الحكيم، توفيق.</subfield>
		<subfield code="t">يوميات نائب في الأرياف</subfield>
		<subfield code="d">[مصر] : مكتبة الآداب ومطبعتها، [ما بين 1970 و 1990؟]</subfield>
		<subfield code="w">(LEAUB)b19229690</subfield>
	</datafield>
	<datafield ind1="0" ind2="8" tag="880">
		<subfield code="6">767-10</subfield>
		<subfield code="i">ترجم ك</subfield>
		<subfield code="4">http://rdaregistry.info/Elements/e/P20171 :</subfield>
		<subfield code="a">Ḥakīm, Tawfīq.</subfield>
		<subfield code="t">The maze of justice : diary of a country prosecutor : an Egyptian novel.</subfield>
		<subfield code="d">London : Saqi Books, 1989</subfield>
		<subfield code="w">(LEAUB)b11155474</subfield>
		<subfield code="w">(OCoLC)317655822</subfield>
	</datafield>
	<datafield ind1=" " ind2=" " tag="959">
		<subfield code="a">NNU</subfield>
		<subfield code="b">WEB</subfield>
		<subfield code="c">GENI</subfield>
		<subfield code="t">0</subfield>
		<subfield code="m">Electronic access</subfield>
		<subfield code="s">01</subfield>
	</datafield>
	<datafield ind1=" " ind2=" " tag="999">
		<subfield code="i">LeBAU_b12565131</subfield>
		<subfield code="s">aub_aco003456</subfield>
		<subfield code="e">(ERROR-MISC)</subfield>
		<subfield code="s">aub_aco003456</subfield>
	</datafield>
</record>
